<?xml version="1.0" encoding="UTF-8"?><collection xmlns="http://www.loc.gov/MARC21/slim"><record><leader>00508nam--2200193-i-4500</leader><controlfield tag="001">000024038</controlfield><controlfield tag="002">20161230</controlfield><controlfield tag="005">20161230201035</controlfield><controlfield tag="008">060222s1000------------r-----000-0-rus-d</controlfield><datafield ind1=" " ind2=" " tag="040"><subfield code="a">IFIN-HH</subfield></datafield><datafield ind1=" " ind2=" " tag="041"><subfield code="a">rus</subfield></datafield><datafield ind1=" " ind2=" " tag="080"><subfield code="a">539.2</subfield></datafield><datafield ind1="1" ind2=" " tag="100"><subfield code="a">Ziman, J. M</subfield></datafield><datafield ind1="1" ind2="0" tag="245"><subfield code="a">Printipi teorii tverdogo tela</subfield><subfield code="c">J.m. ziman</subfield></datafield><datafield ind1=" " ind2=" " tag="260"><subfield code="a">Moskva</subfield><subfield code="b">Mir</subfield><subfield code="c">1966</subfield></datafield><datafield ind1=" " ind2=" " tag="300"><subfield code="a">416P</subfield></datafield><datafield ind1=" " ind2=" " tag="500"><subfield code="a">Titlul Original In Limba Engleza: Principles Of The Theory Of Solids</subfield></datafield><datafield ind1=" " ind2=" " tag="852"><subfield code="a">24272</subfield><subfield code="c">539.2</subfield></datafield><datafield ind1=" " ind2=" " tag="CAT"><subfield code="a">Sys</subfield><subfield code="c">20121012</subfield><subfield code="h">131424</subfield></datafield></record></collection>